% TODO: поправить типы и заполнить
% https://www.overleaf.com/learn/latex/Bibliography_management_in_LaTeX



@book{Empiriocriticism,
  author  = "Lenin, Vladimir Ilyich",
  title   = "Materialism and Empirio-criticism",
  year    = "1909",
}
@book{PhilisophicalNotebooks,
  author  = "Lenin, Vladimir Ilyich",
  title   = "Philosophical Notebooks",
  year    = "1933",
}
@book{ScienceOfLogic,
  author  = "Hegel, Georg Wilhelm Friedrich",
  title   = "Science of Logic",
  year    = "1812",
}
@book{ScienceOfLogic3,
  author  = "Hegel, Georg Wilhelm Friedrich",
  title   = "Science of Logic",
  year    = "1812",
  volume = "Volume Two: The Subjective Logic",
  number = "Book Three: The Doctrine of the Concept",
}
@book{AntiDuring,
  author  = "Engels, Friedrich",
  title   = "Anti-Dühring",
  year    = "1878",
}
@book{DialecticsNature,
  author  = "Engels, Friedrich",
  title   = "Dialectics of Nature",
  year    = "1873",
}
@book{Kapital,
  author  = "Marx, Karl",
  title   = "Das Kapital",
  year    = "1867",
}
@article{OnContradiction,
  author  = "Mao, Zedong",
  title   = "On Contradiction",
  year    = "1937",
}
@book{HistoricalDiaMat,
  author  = "Stalin, Joseph",
  title   = "Dialectical and Historical Materialism",
  year    = "1938",
}
@article{WhatAreTrueClusters,
  author  = "Hennig, C.",
  title   = "What are the true clusters?",
  year    = "2015",
  journal = "Pattern Recognition Letters",
  volume = "64",
  pages = "53--62",
}
@online{kmeans,
  author  = "Lloyd, S. and Forgy, E.",
  title   = "k-means clustering",
  year    = "1957",
  journal = "Wiki",
  note    = "\url{https://en.wikipedia.org/wiki/K-means_clustering}",
}
@article{LocalOutlierFactor,
  author  = "Breunig, M.M. and Kriegel, H.-P. and Ng, R.T. and Sander, J",
  title   = "Local outlier factor(LOF): Identifying Density-based Local Outliers",
  year    = "2000",
  journal = "Proceedings of the 2000 ACM SIGMOD International Conference on Management of Data",
  note    = "\url{https://en.wikipedia.org/wiki/Local_outlier_factor}",
  DOI = "10.1145/335191.335388",
}
@online{Dualism,
  author  = "Thomas Young",
  title   = "Double-slit experiment",
  year    = "1801",
  journal = "Wiki",
  note    = "\url{https://en.wikipedia.org/wiki/Double-slit_experiment}",
}

@online{DBSCAN,
  author  = "Ester, M and Kriegel, H.-P. and Sander, J. and Xu, X.",
  title   = "DBSCAN: A density-based algorithm for discovering clusters in large spatial databases with noise",
  year    = "1996",
  journal = "Wiki",
  note    = "\url{https://en.wikipedia.org/wiki/DBSCAN}",
}
@article{HDBSCAN,
  author  = "Campello, R. J. and Moulavi, D. and Sander, J.",
  title   = "HDBSCAN: Density-based clustering based on hierarchical density estimates",
  year    = "2013",
  journal = "Pacific-Asia Conference on Knowledge Discovery and Data Mining",
  pages = "160--172",
  publisher = "Springer",
}
@article{HDBSCAN2,
   title={Accelerated Hierarchical Density Based Clustering},
   url={http://dx.doi.org/10.1109/ICDMW.2017.12},
   DOI={10.1109/icdmw.2017.12},
   journal={2017 IEEE International Conference on Data Mining Workshops (ICDMW)},
   publisher={IEEE},
   author={McInnes, Leland and Healy, John},
   year={2017},
   month={Nov},
}
@online{strUF,
  author  = "Galler, B.A. and Fischer, M.J.",
  title   = "Union-find structure (An improved equivalence algorithm)",
  year    = "1964",
  journal = "Wiki",
  note    = "\url{https://en.wikipedia.org/wiki/Disjoint-set_data_structure}",
  DOI = "10.1145/364099.364331",
}
@online{strKDtree,
  author  = "Bentley, J. L.",
  title   = "KD tree (Multidimensional binary search trees used for associative searching)",
  year    = "1975",
  journal = "Wiki",
  note    = "\url{https://en.wikipedia.org/wiki/K-d_tree}",
  DOI = "10.1145/361002.361007",
}
@online{strHeap,
  author  = "Williams, J. W. J.",
  title   = "Heap data structure (Algorithm 232 - Heapsort)",
  year    = "1964",
  journal = "Wiki",
  note    = "\url{https://en.wikipedia.org/wiki/Heap_(data_structure)}",
  DOI     = "10.1145/512274.512284", 
}
@online{strMST,
  title   = "Minimum spanning tree structure",
  journal = "Wiki",
  note    = "\url{https://en.wikipedia.org/wiki/Minimum_spanning_tree}"
}
@online{Druhg_ru,
  author       = "Artamonov, Pavel",
  title = "Druhg. Present work in Russian.",
  year = "2023",
  note    = "\url{https://github.com/artamono1/druhg/blob/master/papers/druhg_ru.md}",
}
@online{Druhg_en,
  author       = "Artamonov, Pavel",
  title = "Druhg (in English)",
  year = "2023",
  note    = "\url{https://github.com/artamono1/druhg/blob/master/papers/druhg_en.pdf}",
}
